<record xmlns="http://www.loc.gov/MARC21/slim" xmlns:xsi="http://www.w3.org/2001/XMLSchema-instance" xsi:schemaLocation="http://www.loc.gov/MARC21/slim http://www.loc.gov/standards/marcxml/schema/MARC21slim.xsd"><leader>     nam a22        4500</leader><controlfield tag="001">21783</controlfield><controlfield tag="003">NIC</controlfield><controlfield tag="006">m        d        </controlfield><controlfield tag="007">cr cn |||m|||a</controlfield><controlfield tag="008">150323m19781980ir      ob    001 0carar </controlfield><datafield ind1=" " ind2=" " tag="040"><subfield code="a">NNU</subfield><subfield code="b">eng</subfield><subfield code="e">rda</subfield><subfield code="c">NNU</subfield></datafield><datafield ind1="0" ind2="0" tag="050"><subfield code="a">KBP330.I267</subfield><subfield code="b">A683 1978</subfield></datafield><datafield ind1="1" ind2=" " tag="100"><subfield code="6">880-01</subfield><subfield code="a">Ibn Qa&#772;d&#803;i&#772; Shuhbah, Ah&#803;mad ibn Muh&#803;ammad,</subfield><subfield code="d">1377-1448.</subfield></datafield><datafield ind1="1" ind2="0" tag="245"><subfield code="6">880-02</subfield><subfield code="a">T&#803;abaqa&#772;t al-Sha&#772;fi&#699;i&#772;yah /</subfield><subfield code="c">li-Abi&#772; Bakr ibn Ah&#803;mad ibn Muh&#803;ammad ibn &#699;Umar ibn Muh&#803;ammad, Taqi&#772; al-Di&#772;n ibn Qa&#772;d&#803;i&#772; Shubah al-Dimashqi&#772; ; i&#699;tana&#769; bi-tas&#803;h&#803;i&#772;h&#803;i wa-&#699;allaqa &#699;alayhi wa-rataba faha&#772;risah al-H&#803;a&#772;fiz&#803; &#699;Abd al-&#699;Ali&#772;m Kha&#772;n.</subfield></datafield><datafield ind1="3" ind2=" " tag="246"><subfield code="6">880-03</subfield><subfield code="a">T&#803;abaqa&#772;t ash-Sha&#772;fi&#699;i&#772;ya</subfield></datafield><datafield ind1=" " ind2=" " tag="250"><subfield code="6">880-04</subfield><subfield code="a">al-T&#803;ab&#699;ah 1.</subfield></datafield><datafield ind1=" " ind2=" " tag="260"><subfield code="6">880-05</subfield><subfield code="a">H&#803;aydara&#772;ba&#772;d al-Dakkan, al-Hind :</subfield><subfield code="b">Mat&#803;ba&#699;ah Majlis Da&#772;&#700;irat al-Ma&#699;a&#772;rif al-&#699;Uthma&#772;ni&#772;yah,</subfield><subfield code="c">1978-1980.</subfield></datafield><datafield ind1=" " ind2=" " tag="300"><subfield code="a">online resource (4 volumes)</subfield></datafield><datafield ind1=" " ind2=" " tag="336"><subfield code="a">text</subfield><subfield code="2">rdacontent</subfield></datafield><datafield ind1=" " ind2=" " tag="337"><subfield code="a">computer</subfield><subfield code="2">rdamedia</subfield></datafield><datafield ind1=" " ind2=" " tag="338"><subfield code="a">online resource</subfield><subfield code="2">rdacarrier</subfield></datafield><datafield ind1="1" ind2=" " tag="490"><subfield code="6">880-06</subfield><subfield code="a">Mat&#803;bu&#772;&#699;a&#772;t Da&#772;&#700;irat al-Ma&#699;a&#772;rif al-&#699;Uthma&#772;ni&#772;yah. Silsilah al-jadi&#772;dah ;</subfield><subfield code="v">5/j/7/1-5/j/7/4</subfield></datafield><datafield ind1=" " ind2=" " tag="500"><subfield code="a">Title on added t.p.: Tabaqa&#772;t ash-Sha&#772;fi&#699;iya.</subfield></datafield><datafield ind1=" " ind2=" " tag="500"><subfield code="a">Part of the Arabic Collections Online (ACO) project, contributed by Cornell University Libraries.</subfield></datafield><datafield ind1=" " ind2=" " tag="504"><subfield code="a">Includes bibliographical references and index.</subfield></datafield><datafield ind1=" " ind2=" " tag="533"><subfield code="a">Electronic reproduction.</subfield><subfield code="b">New York, N.Y. :</subfield><subfield code="c">New York University,</subfield><subfield code="d">2015.</subfield><subfield code="5">NNU</subfield></datafield><datafield ind1=" " ind2="0" tag="650"><subfield code="a">Shafiites</subfield><subfield code="x">Biography</subfield><subfield code="v">Early works to 1800.</subfield></datafield><datafield ind1="1" ind2=" " tag="700"><subfield code="6">880-07</subfield><subfield code="a">Kha&#772;n, al-H&#803;a&#772;fiz&#803; &#699;Abd al-&#699;Ali&#772;m.</subfield></datafield><datafield ind1="2" ind2=" " tag="710"><subfield code="a">Cornell University.</subfield><subfield code="b">Libraries.</subfield></datafield><datafield ind1="0" ind2=" " tag="730"><subfield code="a">Arabic Collections Online.</subfield></datafield><datafield ind1="0" ind2="8" tag="776"><subfield code="i">Online version:</subfield><subfield code="a">Ibn Qa&#772;d&#803;i&#772; Shuhbah, Ah&#803;mad ibn Muh&#803;ammad, 1377-1448.</subfield><subfield code="t">T&#803;abaqa&#772;t al-Sha&#772;fi&#699;i&#772;yah.</subfield><subfield code="b">al-T&#803;ab&#699;ah 1.</subfield><subfield code="d">H&#803;aydara&#772;ba&#772;d al-Dakkan, al-Hind : Mat&#803;ba&#699;ah Majlis Da&#772;&#700;irat al-Ma&#699;a&#772;rif al-&#699;Uthma&#772;ni&#772;yah, 1978-1980</subfield><subfield code="w">(OCoLC)568721721</subfield></datafield><datafield ind1="0" ind2="8" tag="776"><subfield code="i">Print version:</subfield><subfield code="a">Ibn Qa&#772;d&#803;i&#772; Shuhbah, Ah&#803;mad ibn Muh&#803;ammad, 1377-1448.</subfield><subfield code="t">T&#803;abaqa&#772;t al-Sha&#772;fi&#699;i&#772;yah</subfield><subfield code="w">(NIC)21783</subfield><subfield code="w">(DLC)   82901242 </subfield><subfield code="w">(OCoLC)10711000</subfield></datafield><datafield ind1=" " ind2="0" tag="830"><subfield code="6">880-08</subfield><subfield code="a">Silsilah al-jadi&#772;dah min mat&#803;bu&#772;&#699;a&#772;t Da&#772;&#700;irat al-Ma&#699;a&#772;rif al-&#699;Uthma&#772;ni&#772;yah ;</subfield><subfield code="v">5/j/7/1-5/j/7/4.</subfield></datafield><datafield ind1="4" ind2="0" tag="856"><subfield code="u">http://hdl.handle.net/2333.1/pk0p2qt3</subfield></datafield><datafield ind1="1" ind2=" " tag="880"><subfield code="6">100-01/r</subfield><subfield code="a">&#1575;&#1576;&#1606; &#1602;&#1575;&#1590;&#1609; &#1588;&#1607;&#1576;&#1607;&#1548; &#1575;&#1581;&#1605;&#1583; &#1575;&#1576;&#1606; &#1605;&#1581;&#1605;&#1583;&#1548;</subfield><subfield code="d">1377-1448.</subfield></datafield><datafield ind1="1" ind2="0" tag="880"><subfield code="6">245-02/r</subfield><subfield code="a">&#1591;&#1576;&#1602;&#1575;&#1578; &#1575;&#1604;&#1588;&#1575;&#1601;&#1593;&#1610;&#1577; /</subfield><subfield code="c">&#1604;&#1575;&#1576;&#1609; &#1576;&#1603;&#1585; &#1576;&#1606; &#1575;&#1581;&#1605;&#1583; &#1576;&#1606; &#1605;&#1581;&#1605;&#1583; &#1576;&#1606; &#1593;&#1605;&#1585; &#1576;&#1606; &#1605;&#1581;&#1605;&#1583;&#1548; &#1578;&#1602;&#1609; &#1575;&#1604;&#1583;&#1610;&#1606; &#1575;&#1576;&#1606; &#1602;&#1575;&#1590;&#1609; &#1588;&#1576;&#1607;&#1577; &#1575;&#1604;&#1583;&#1605;&#1588;&#1602;&#1609; &#1563; &#1575;&#1593;&#1578;&#1606;&#1609; &#1576;&#1578;&#1589;&#1581;&#1610;&#1581;&#1607; &#1608; &#1593;&#1604;&#1602; &#1593;&#1604;&#1610;&#1607; &#1608; &#1585;&#1578;&#1576; &#1601;&#1607;&#1575;&#1585;&#1587;&#1607; &#1575;&#1604;&#1581;&#1575;&#1601;&#1592; &#1593;&#1576;&#1583; &#1575;&#1604;&#1593;&#1604;&#1610;&#1605; &#1582;&#1575;&#1606;.</subfield></datafield><datafield ind1="3" ind2=" " tag="880"><subfield code="6">246-03/r</subfield><subfield code="a">&#1591;&#1576;&#1602;&#1575;&#1578; &#1575;&#1604;&#1588;&#1575;&#1601;&#1610;&#1593;&#1610;&#1607;</subfield></datafield><datafield ind1=" " ind2=" " tag="880"><subfield code="6">250-04/r</subfield><subfield code="a">&#1575;&#1604;&#1591;&#1576;&#1593;&#1577; 1.</subfield></datafield><datafield ind1=" " ind2=" " tag="880"><subfield code="6">260-05/r</subfield><subfield code="a">&#1581;&#1610;&#1583;&#1585;&#1570;&#1576;&#1575;&#1583; &#1575;&#1604;&#1583;&#1603;&#1575;&#1606; :</subfield><subfield code="b">&#1605;&#1591;&#1576;&#1593;&#1607; &#1605;&#1580;&#1604;&#1587; &#1583;&#1575;&#1574;&#1585;&#1577; &#1575;&#1604;&#1605;&#1593;&#1575;&#1585;&#1601; &#1575;&#1604;&#1593;&#1579;&#1605;&#1575;&#1606;&#1610;&#1607;&#1548;</subfield><subfield code="c">1978-1980.</subfield></datafield><datafield ind1="1" ind2=" " tag="880"><subfield code="6">490-06/r</subfield><subfield code="a">&#1605;&#1591;&#1576;&#1608;&#1593;&#1575;&#1578; &#1583;&#1575;&#1574;&#1585;&#1577; &#1575;&#1604;&#1605;&#1593;&#1575;&#1585;&#1601; &#1575;&#1604;&#1593;&#1579;&#1605;&#1575;&#1606;&#1610;&#1607;. &#1587;&#1604;&#1587;&#1604;&#1607; &#1575;&#1604;&#1580;&#1583;&#1610;&#1583;&#1577; &#1563;</subfield><subfield code="v">5/&#1580;/7/1-5/&#1580;/7/4</subfield></datafield><datafield ind1="1" ind2=" " tag="880"><subfield code="6">700-07/r</subfield><subfield code="a">&#1582;&#1575;&#1606;&#1548; &#1575;&#1604;&#1581;&#1575;&#1601;&#1592; &#1593;&#1576;&#1583; &#1575;&#1604;&#1593;&#1575;&#1604;&#1605;.</subfield></datafield><datafield ind1=" " ind2="0" tag="880"><subfield code="6">830-08/r</subfield><subfield code="a">&#1587;&#1604;&#1587;&#1604;&#1577; &#1575;&#1604;&#1580;&#1583;&#1610;&#1583;&#1577; &#1605;&#1606; &#1605;&#1591;&#1576;&#1608;&#1593;&#1575;&#1578; &#1583;&#1575;&#1574;&#1585;&#1577; &#1575;&#1604;&#1605;&#1593;&#1575;&#1585;&#1601; &#1575;&#1604;&#1593;&#1579;&#1605;&#1575;&#1606;&#1610;&#1577; &#1563;</subfield><subfield code="v">5/&#1580;/7/15/&#1580;/7/4.</subfield></datafield><datafield ind1=" " ind2=" " tag="959"><subfield code="a">NNU</subfield><subfield code="b">WEB</subfield><subfield code="c">GENI</subfield><subfield code="t">0</subfield><subfield code="m">Electronic access</subfield><subfield code="s">01</subfield></datafield><datafield ind1=" " ind2=" " tag="999"><subfield code="i">NIC_21783</subfield><subfield code="o">(OCoLC)ocm10711000</subfield><subfield code="s">cornell_aco000001:v.1</subfield><subfield code="s">cornell_aco000002:v.2</subfield><subfield code="s">cornell_aco000003:v.3</subfield><subfield code="s">cornell_aco000004:v.4</subfield><subfield code="e">(ERROR-880)</subfield><subfield code="s">cornell_aco000001:v.1</subfield><subfield code="s">cornell_aco000002:v.2</subfield><subfield code="s">cornell_aco000003:v.3</subfield><subfield code="s">cornell_aco000004:v.4</subfield></datafield></record>